<record><leader>00000cas a22000007a 4500</leader><controlfield tag="001">9786933</controlfield><controlfield tag="008">830806d186u1884ohuwr ne      0    0eng d</controlfield><datafield ind1=" " ind2=" " tag="010"><subfield code="a">sn 83035410 </subfield></datafield><datafield ind1=" " ind2=" " tag="040"><subfield code="a">NPY</subfield><subfield code="b">eng</subfield><subfield code="c">NPY</subfield><subfield code="d">NPX</subfield><subfield code="d">NPU</subfield><subfield code="d">ONP</subfield><subfield code="d">MFN</subfield><subfield code="d">ONP</subfield><subfield code="d">NVF</subfield><subfield code="d">OCL</subfield><subfield code="d">OCLCQ</subfield><subfield code="d">OCLCF</subfield><subfield code="d">OCLCO</subfield></datafield><datafield ind1=" " ind2=" " tag="042"><subfield code="a">msc</subfield></datafield><datafield ind1=" " ind2=" " tag="043"><subfield code="a">n-us-oh</subfield></datafield><datafield ind1="0" ind2=" " tag="130"><subfield code="a">Springfield weekly republic (Springfield, Ohio : 1866)</subfield></datafield><datafield ind1="1" ind2="0" tag="245"><subfield code="a">Springfield weekly republic.</subfield></datafield><datafield ind1=" " ind2=" " tag="260"><subfield code="a">Springfield, Ohio :</subfield><subfield code="b">Hastings &amp; Nichols</subfield></datafield><datafield ind1=" " ind2=" " tag="300"><subfield code="a">v.</subfield></datafield><datafield ind1=" " ind2=" " tag="310"><subfield code="a">Weekly</subfield></datafield><datafield ind1="0" ind2=" " tag="362"><subfield code="a">-v. 66, no. 10 (July 10, 1884).</subfield></datafield><datafield ind1=" " ind2=" " tag="580"><subfield code="a">Other weekly ed.: Weekly advertiser (Springfield, Ohio).</subfield></datafield><datafield ind1=" " ind2=" " tag="580"><subfield code="a">Daily eds.: Springfield daily republic (Springfield, Ohio : 1866), 1866-1872, and: Springfield daily republic and advertiser, 1872-1872, and: Springfield daily republic (Springfield, Ohio : 1873) 1873-1884.</subfield></datafield><datafield ind1=" " ind2=" " tag="588"><subfield code="a">Description based on: Vol. 26, no. 5 (Feb. 1, 1866).</subfield></datafield><datafield ind1=" " ind2="0" tag="651"><subfield code="a">Springfield (Ohio)</subfield><subfield code="v">Newspapers.</subfield></datafield><datafield ind1=" " ind2="0" tag="651"><subfield code="a">Clark County (Ohio)</subfield><subfield code="v">Newspapers.</subfield></datafield><datafield ind1=" " ind2="7" tag="655"><subfield code="a">Newspapers.</subfield><subfield code="2">fast</subfield><subfield code="0">(OCoLC)fst01423814</subfield></datafield><datafield ind1=" " ind2="7" tag="651"><subfield code="a">Ohio</subfield><subfield code="z">Clark County.</subfield><subfield code="2">fast</subfield><subfield code="0">(OCoLC)fst01206462</subfield></datafield><datafield ind1=" " ind2="7" tag="651"><subfield code="a">Ohio</subfield><subfield code="z">Springfield.</subfield><subfield code="2">fast</subfield><subfield code="0">(OCoLC)fst01219897</subfield></datafield><datafield ind1=" " ind2=" " tag="752"><subfield code="a">United States</subfield><subfield code="b">Ohio</subfield><subfield code="c">Clark</subfield><subfield code="d">Springfield.</subfield></datafield><datafield ind1="1" ind2=" " tag="775"><subfield code="t">Weekly advertiser (Springfield, Ohio)</subfield></datafield><datafield ind1="1" ind2=" " tag="775"><subfield code="t">Springfield daily republic (Springfield, Ohio : 1866)</subfield><subfield code="w">(DLC)sn 83035408</subfield></datafield><datafield ind1="1" ind2=" " tag="775"><subfield code="t">Springfield daily republic and advertiser</subfield><subfield code="w">(DLC)sn 87076915</subfield></datafield><datafield ind1="1" ind2=" " tag="775"><subfield code="t">Springfield daily republic (Springfield, Ohio : 1873)</subfield><subfield code="w">(DLC)sn 85026267</subfield></datafield><datafield ind1="0" ind2=" " tag="775"><subfield code="t">Springfield tri-weekly republic (Springfield, Ohio : 1866)</subfield><subfield code="w">(DLC)sn 87076992</subfield></datafield><datafield ind1="0" ind2="0" tag="780"><subfield code="t">Springfield news and republic</subfield><subfield code="w">(DLC)sn 85026266</subfield></datafield><datafield ind1="0" ind2="7" tag="785"><subfield code="t">Springfield globe (Springfield, Ohio : 1882 : Weekly)</subfield></datafield><datafield ind1="0" ind2="7" tag="785"><subfield code="t">Weekly globe-republic</subfield><subfield code="w">(DLC)sn 91069965</subfield></datafield></record>